<record><leader>00000cas a2200000 a 4500</leader><controlfield tag="001">40428744</controlfield><controlfield tag="008">981202d199419uuwauwr ne      0   a0eng c</controlfield><datafield ind1=" " ind2=" " tag="010"><subfield code="a">sn 98048269 </subfield></datafield><datafield ind1=" " ind2=" " tag="040"><subfield code="a">WAU</subfield><subfield code="b">eng</subfield><subfield code="c">WAU</subfield><subfield code="d">NSD</subfield><subfield code="d">OCLCQ</subfield><subfield code="d">OCLCF</subfield><subfield code="d">OCLCO</subfield></datafield><datafield ind1=" " ind2=" " tag="012"><subfield code="i">9812</subfield><subfield code="m">d</subfield></datafield><datafield ind1="1" ind2=" " tag="022"><subfield code="a">1530-9967</subfield><subfield code="l">1530-9967</subfield><subfield code="y">1050-1460</subfield><subfield code="2">1</subfield></datafield><datafield ind1="1" ind2=" " tag="029"><subfield code="a">AU@</subfield><subfield code="b">000014355733</subfield></datafield><datafield ind1=" " ind2=" " tag="042"><subfield code="a">nsdp</subfield><subfield code="a">pcc</subfield></datafield><datafield ind1=" " ind2=" " tag="043"><subfield code="a">n-us-wa</subfield></datafield><datafield ind1="0" ind2=" " tag="130"><subfield code="a">Leader (Port Townsend, Wash.)</subfield></datafield><datafield ind1=" " ind2="4" tag="222"><subfield code="a">The leader</subfield><subfield code="b">(Port Townsend, Wash.)</subfield></datafield><datafield ind1="0" ind2="4" tag="245"><subfield code="a">The leader.</subfield></datafield><datafield ind1="1" ind2="7" tag="246"><subfield code="a">Port Townsend Jefferson County leader</subfield></datafield><datafield ind1=" " ind2=" " tag="260"><subfield code="a">Port Townsend, Wash. :</subfield><subfield code="b">Port Townsend Pub. Co.,</subfield><subfield code="c">c1994-</subfield></datafield><datafield ind1=" " ind2=" " tag="300"><subfield code="a">v.</subfield></datafield><datafield ind1=" " ind2=" " tag="310"><subfield code="a">Weekly</subfield></datafield><datafield ind1="0" ind2=" " tag="362"><subfield code="a">Vol. 104, no. 1 (Jan. 5, 1994)-</subfield></datafield><datafield ind1=" " ind2="0" tag="651"><subfield code="a">Port Townsend (Wash.)</subfield><subfield code="v">Newspapers.</subfield></datafield><datafield ind1=" " ind2="7" tag="655"><subfield code="a">Newspapers.</subfield><subfield code="2">fast</subfield><subfield code="0">(OCoLC)fst01423814</subfield></datafield><datafield ind1=" " ind2="7" tag="651"><subfield code="a">Washington (State)</subfield><subfield code="z">Port Townsend.</subfield><subfield code="2">fast</subfield><subfield code="0">(OCoLC)fst01334269</subfield></datafield><datafield ind1=" " ind2=" " tag="752"><subfield code="a">United States</subfield><subfield code="b">Washington</subfield><subfield code="c">Jefferson</subfield><subfield code="d">Port Townsend.</subfield></datafield><datafield ind1="0" ind2="0" tag="780"><subfield code="t">Port Townsend Jefferson County leader</subfield><subfield code="w">(DLC)sn 88087180</subfield><subfield code="w">(OCoLC)18770100</subfield></datafield><datafield ind1="0" ind2="0" tag="785"><subfield code="t">Port Townsend &amp; Jefferson County leader (2000)</subfield><subfield code="x">1532-4788</subfield><subfield code="w">(DLC)   00213075</subfield></datafield><datafield ind1=" " ind2=" " tag="850"><subfield code="a">WaU</subfield></datafield><datafield ind1=" " ind2=" " tag="936"><subfield code="a">Vol. 109, no. 36 (Sept. 9, 1998) LIC</subfield></datafield></record>